<record><leader>00000cas a22000007a 4500</leader><controlfield tag="001">17358734</controlfield><controlfield tag="008">880119c19519999ohudn ne      0    0eng d</controlfield><datafield ind1=" " ind2=" " tag="010"><subfield code="a">sn 88077002 </subfield></datafield><datafield ind1=" " ind2=" " tag="040"><subfield code="a">ONP</subfield><subfield code="b">eng</subfield><subfield code="c">ONP</subfield><subfield code="d">OCLCQ</subfield></datafield><datafield ind1=" " ind2=" " tag="042"><subfield code="a">msc</subfield></datafield><datafield ind1="0" ind2="4" tag="245"><subfield code="a">The Fairborn daily herald.</subfield></datafield><datafield ind1=" " ind2=" " tag="260"><subfield code="a">Fairborn, Ohio :</subfield><subfield code="b">Miami Valley Pub. Co.,</subfield><subfield code="c">1951-</subfield></datafield><datafield ind1=" " ind2=" " tag="310"><subfield code="a">Daily (except Sat. &amp; Sun.)</subfield></datafield><datafield ind1="0" ind2=" " tag="362"><subfield code="a">84th year, no. 32 (Aug. 6, 1951)-</subfield></datafield><datafield ind1=" " ind2=" " tag="752"><subfield code="a">United States</subfield><subfield code="b">Ohio</subfield><subfield code="c">Greene</subfield><subfield code="d">Fairborn.</subfield></datafield><datafield ind1="0" ind2="0" tag="780"><subfield code="t">Fairborn herald</subfield><subfield code="w">(DLC)sn 90068162</subfield></datafield></record>